@Article{BreakDancer,
  author       = {Chen, Ken and Wallis, John W. and McLellan, Michael D. and Larson, David E.
                  and Kalicki, Joelle M. and Pohl, Craig S. and McGrath, Sean D. and Wendl, Michael C.
                  and Zhang, Qunyuan and Locke, Devin P. and Shi, Xiaoqi and Fulton, Robert S.
                  and Ley, Timothy J. and Wilson, Richard K. and Ding, Li and Mardis, Elaine R.	},
  title        = {BreakDancer: an algorithm for high-resolution mapping of genomic structural variation},
  journal      = {Nat Meth},
  year         = 2009,
  volume       = 6,
  number       = 9,
  pages        = {677--681},
  url          = {http://gmt.genome.wustl.edu/breakdancer/1.2/index.html},
}


@Article{CNVnator,
  author       = {Abyzov, Alexej and Urban, Alexander E. and Snyder, Michael and Gerstein, Mark},
  title        = {CNVnator: An approach to discover, genotype, and characterize typical and atypical
	          CNVs from family and population genome sequencing},
  journal      = {Genome Research},
  year         = {2011},
  volume       = 21,
  number       = 6,
  pages        = {974--984},
  url          = {http://sv.gersteinlab.org/cnvnator/}
}


@Article{Pindel,
  author       = {Ye, K. and Schulz, M. H. and Long, Q. and Apweiler, R. and Ning, Z. },
  title        = {Pindel: a pattern growth approach to detect break points of large deletions and 
	          medium sized insertions from paired-end short reads},
  journal      = {Bioinformatics},
  year         = {2009},
  volume       = 21,
  number       = 6,
  pages        = {974--984},
  url          = {http://gmt.genome.wustl.edu/pindel/0.2.4/index.html}
}

@Article{svseq,
  author       = {Zhang, Jin and Wang, Jiayin and Wu, Yufeng },
  title        = {An improved approach for accurate and efficient calling of structural variations with low-coverage sequence data},
  journal      = {BMC Bioinformatics},
  year         = {2012},
  volume       = 13,
  pages        = {S6},
  url          = {http://www.engr.uconn.edu/~jiz08001/svseq2.html}
}

@Article{DELLY,
  author       = {Rausch, Tobias and Zichner, Thomas and Schlattl, Andreas and St¨¹tz, Adrian M. and Benes, Vladimir and Korbel, Jan O.},
  title        = {DELLY: structural variant discovery by integrated paired-end and split-read analysis},
  journal      = {Bioinformatics},
  year         = {2012},
  volume       = 28,
  number       = 18,
  pages        = {i333-i339},
  url          = {http://www.korbel.embl.de/software.html},
}

@Article{intansv,
   author      = {Wen Yao and Weibo Xie},
   year        = {2013},
   title       = {intansv: an R package for integrative analysis of structural variations},  
 }

@Article{Drosophila,
  author       = {Zichner, Thomas and Garfield, David A. and Rausch, Tobias and St¨¹tz, Adrian M. and Cannav¨®, Enrico and Braun, Martina
                  and Furlong, Eileen E.M. and Korbel, Jan O.},
  title        = {Impact of genomic structural variation in Drosophila melanogaster based on population-scale sequencing},
  journal      = {Genome Research},
  year         = {2013},
  volume       = 23,
  number       = 3,
  pages        = {568-579},
}

@Article{Lumpy,
  author       = {Ryan M., Layer and Ira M., Hall and Aaron R., Quinlan },
  title        = {LUMPY: A probabilistic framework for structural variant discovery},
  journal      = {arxiv.org},
  year         = {2012},
  url          = {https://github.com/arq5x/lumpy-sv}
}

@Article{softSearch,
  author       = {Steven N., Hart and Vivekananda, Sarangi and Raymond, Moore and Saurabh, Baheti and Jaysheel D., Bhavsar and Fergus J., Couch and Jean-Pierre A., Kocher },
  title        = {An improved approach for accurate and efficient calling of structural variations with low-coverage sequence data},
  journal      = {PLoS One},
  year         = {2013},
  url          = {http://code.google.com/p/softsearch/}
}
